<record><leader>00000cas a22000007a 4500</leader><controlfield tag="001">36050087</controlfield><controlfield tag="008">961206c19939999mauwr ne      0    0eng d</controlfield><controlfield tag="009">9107</controlfield><datafield ind1=" " ind2=" " tag="010"><subfield code="a">sn 96076271 </subfield></datafield><datafield ind1=" " ind2=" " tag="040"><subfield code="a">MGN</subfield><subfield code="b">eng</subfield><subfield code="c">MGN</subfield></datafield><datafield ind1=" " ind2=" " tag="042"><subfield code="a">msc</subfield></datafield><datafield ind1="0" ind2=" " tag="130"><subfield code="a">Easton journal (Sharon, Mass.)</subfield></datafield><datafield ind1="0" ind2="4" tag="245"><subfield code="a">The Easton Journal.</subfield></datafield><datafield ind1=" " ind2=" " tag="260"><subfield code="a">Sharon, MA :</subfield><subfield code="b">Norfolk Newspaper Co.,</subfield></datafield><datafield ind1=" " ind2=" " tag="300"><subfield code="a">v.</subfield></datafield><datafield ind1=" " ind2=" " tag="310"><subfield code="a">Weekly</subfield></datafield><datafield ind1=" " ind2=" " tag="752"><subfield code="a">United States</subfield><subfield code="b">Massachusetts</subfield><subfield code="c">Norfolk</subfield><subfield code="d">Sharon.</subfield></datafield><datafield ind1=" " ind2=" " tag="752"><subfield code="a">United States</subfield><subfield code="b">Massachusetts</subfield><subfield code="c">Bristol</subfield><subfield code="d">Easton.</subfield></datafield></record>